<?xml version="1.0" encoding="UTF-8"?><collection xmlns="http://www.loc.gov/MARC21/slim"><record><leader>00389nam--2200133-i-4500</leader><controlfield tag="001">000028204</controlfield><controlfield tag="002">20161230</controlfield><controlfield tag="005">20161230201037</controlfield><controlfield tag="008">060222s1000------------r-----000-0-eng-d</controlfield><datafield ind1=" " ind2=" " tag="080"><subfield code="a">621.47:621.314.5</subfield></datafield><datafield ind1=" " ind2=" " tag="100"><subfield code="a">Leij, Marcel Van Der</subfield></datafield><datafield ind1=" " ind2=" " tag="245"><subfield code="a">Spectral-selective surfaces for the thermal conversion of solar energy. dissert</subfield></datafield><datafield ind1=" " ind2=" " tag="260"><subfield code="a">Delft, University Press, 1979, 159p</subfield></datafield><datafield ind1=" " ind2=" " tag="852"><subfield code="a">48550</subfield></datafield></record></collection>